@article{miller1979humanistic,
  title={A humanistic rationale for technical writing},
  author={Miller, Carolyn R},
  journal={College English},
  volume={40},
  number={6},
  pages={610--617},
  year={1979},
  publisher={JSTOR}
}
@article{mathes1976designing,
  title={Designing Technical Reports: Writing for Audiences in Organizations.},
  author={Mathes, John C and Stevenson, Dwight W},
  year={1976},
  publisher={ERIC}
}
@article{navamelendez2016,
  title={Wereable Intertial Sensor for Human Motion Analysis: A review.},
  author={Irvin Hussein Lopez-Nava, Angelica Munoz-Melendez.},
  year={2016},
  publisher={IEEE}}